@book{numerical,
        year = {1992},
	publisher = {Cambridge University Press},
	title = {Numerical recipes in C : the art of scientific computing},
	author = {Press, William H.},
	isbn = {0521431085},
	address = {Cambridge [England] ; New York}
}
@book{griff,
year = {2004},
	author = {Griffiths, David J. (David Jeffery)},
	publisher = {Pearson Prentice Hall},
	title = {Introduction to quantum mechanics},
	isbn = {0131118927},
	address = {Upper Saddle River, N.J.}
}